1812 3083
1492 122 1592 170 XIX

237 259 241 263 '
284 257 425 305 nische
468 255 753 302 Excursionen
798 255 850 300 11.
882 250 976 300 Von
1005 253 1237 300 Kronstadt
1265 254 1340 299 auf
1381 255 1460 299 den
1500 255 1590 299 Bu-

289 317 501 362 tschetsch
536 316 760 360 Verhandl.
791 315 876 359 und
905 315 1045 358 Mitth.
1077 315 1150 358 des
1181 314 1583 368 siebenbiirgischen

280 376 458 420 Vereins
498 375 565 419 fiir
605 372 1081 418 Naturwissenschaften
1126 373 1467 417 Hermannstadt.
1511 373 1585 417 VI.

283 434 428 489 Jahrg.
452 432 602 490 (1855)
633 446 672 488 p.
709 435 946 476 196—202.

79 493 419 539 G.=Gusnmn
443 491 617 535 Calates
640 503 660 524 *
686 501 899 537 Neufchatel
928 527 935 536 .
963 527 970 536 .
997 527 1005 536 .
1032 502 1113 536 Jam
1138 510 1171 536 a.
1200 501 1288 536 1812
1320 499 1483 536 alearum
1504 510 1583 545 reg.

280 549 551 587 administrator
574 547 741 594 Neapoli,
769 548 829 583 ubi
855 548 999 592 plautas
1027 547 1181 590 collegit.
1208 546 1345 592 Opibus
1370 547 1495 593 valuit,
1513 547 1579 583 sed

281 597 397 633 serius
434 605 495 632 eas
532 595 700 639 perdidit.
741 596 825 629 1841
860 594 1020 630 Parisiis.
1056 594 1283 629 1842-1848
1309 593 1375 628 sub
1405 593 1577 639 auspiciis

282 643 491 681 Dmummr
515 642 679 680 Monuzr
702 640 755 676 rei
791 641 979 676 herbariae
1005 640 1176 676 amatoris
1212 639 1432 676 Moldaviam
1457 640 1580 684 perlu-

278 690 417 726 stravit.
445 689 633 724 Caeterum
665 687 709 723 de
723 687 799 723 eius
816 688 889 722 vita
912 687 962 722 nil
976 687 1119 722 scimus.
1138 687 1242 723 Circa
1253 687 1580 731 perscrutationem

279 736 483 772 Moldaviae
496 734 756 770 meritissimus.
773 734 923 769 Plantas
938 734 1139 769 exsiccatas
1154 733 1197 768 cl.
1215 733 1258 767 Α.
1270 745 1324 770 Dm
1336 734 1554 773 CANDOLLE
1576 736 1585 755 ¹

280 783 377 820 misit
400 786 437 818 et
460 782 568 817 etiam
581 791 688 816 manu
701 790 768 816 sua
787 781 961 825 scriptum
974 790 1064 825 opus
1078 780 1274 825 pretiosum
1301 781 1396 824 quod
1413 781 1580 817 inscribi·

280 845 356 877 tur:
383 828 654 874 Enumeratio
695 829 944 883 plantarum,
977 840 1080 883 quas
1120 839 1197 883 per
1228 840 1358 872 annos
1390 831 1499 871 1842
1530 829 1586 873 ad

282 892 403 943 1848,
434 889 476 931 in
504 887 711 931 Moldavia
727 887 897 941 collegit
928 891 972 930 et
1002 886 1239 930 observavit
1272 885 1318 929 C.
1356 887 1581 931 Gruterum).

281 945 372 990 Ejus
381 945 567 990 exemplar
577 944 656 980 beni
660 954 728 988 gne
739 944 842 979 nobis
856 944 952 979 misit
966 943 1010 979 01.
1021 943 1510 982 A.nnCAsnontn.P1antae
1518 953 1585 990 per

278 1002 359 1028 eum
373 993 530 1029 siccatae
546 1001 567 1026 e
580 990 762 1026 Moldavia
779 991 911 1028 adsunt
920 990 1028 1026 etiam
1051 991 1089 1025 in
1102 991 1253 1026 Musaeo
1267 991 1350 1026 hist.
1361 994 1434 1026 nat.
1444 990 1580 1027 Parisi-

279 1040 356 1075 ensi
383 1043 419 1076 et
444 1039 518 1075 bot.
540 1037 651 1084 palat.
676 1047 770 1074 caes,
795 1042 833 1073 et
857 1047 930 1082 reg.
957 1036 1246 1082 Vindobonensi3
1289 1047 1413 1073 earum
1436 1038 1575 1074 numeri

74 1097 222 1143 GEXS.
233 1110 433 1200 :effu-tir?
446 1109 613 1202 c)itantur.
629 1107 954 1165 Determinationes
968 1108 1195 1152 corriguntur
1213 1108 1250 1143 in
1275 1106 1428 1146 NYMAN
1445 1106 1581 1156 Consp.

297 1167 340 1193 0.
366 1167 403 1192 m
421 1166 461 1192 ra
483 1183 490 1192 .

74 1203 315 1248 G.us.:1n.
338 1205 381 1247 in
410 1204 738 1247 Enumeratione
759 1203 815 1257 pl.
879 1203 942 1245 .in
963 1202 1089 1246 Mold.
1114 1203 1206 1247 coll.
1228 1218 1402 1250 memorat
1432 1214 1578 1260 plantas

277 1271 365 1306 quas
390 1262 428 1297 in
449 1261 617 1298 herbario
641 1261 798 1296 Jasiensi
822 1260 920 1301 vidit,
946 1263 1044 1295 certe
1071 1261 1116 1295 ab
1141 1259 1256 1299 Ernst,
1280 1264 1317 1296 et
1343 1260 1473 1299 SZABO
1499 1261 1572 1298 001.

275 1308 401 1353 lectas,
426 1308 491 1344 sed
516 1318 623 1352 quum
648 1308 701 1342 illi
725 1307 893 1343 herbario
918 1306 1027 1342 etiam
1052 1306 1149 1342 aliae
1176 1308 1323 1352 plantae
1347 1308 1486 1344 cambio
1513 1308 1576 1343 ob-

276 1355 450 1399 venerint,
465 1355 557 1390 istae
580 1355 689 1390 etiam
713 1353 965 1389 verosimiliter
1000 1354 1244 1401 manuscripto
1271 1353 1410 1390 tardius
1451 1354 1570 1390 confe-

279 1405 337 1438 cto
360 1402 558 1446 inscriptae
583 1405 676 1437 sunt.

71 1447 147 1492 Gu.
176 1464 297 1493 zm.
332 1450 485 1493 Notice
516 1450 828 1504 geographique
860 1453 904 1492 et
933 1449 1161 1504 botanique
1192 1461 1264 1492 sur
1292 1449 1334 1492 la
1370 1448 1579 1493 Moldavie

273 1520 381 1563 pour
401 1507 724 1551 d'introduction
744 1521 770 1551 a
786 1509 826 1551 la
842 1507 944 1551 flore
965 1507 1018 1550 de
1036 1519 1083 1550 ce
1099 1507 1335 1562 pays2(tire
1365 1508 1418 1551 de
1446 1508 1489 1551 la
1503 1508 1579 1551 Bi·

277 1566 521 1620 bliotheque
552 1567 804 1610 universelle
835 1567 887 1609 de
920 1565 1103 1610 Geneve.
1135 1565 1307 1609 Fevrier
1342 1566 1470 1622 1849)
1496 1567 1581 1611 Ge-

275 1625 378 1669 neve
415 1628 537 1668 1849.
569 1627 624 1667 24
655 1638 723 1680 pp.
760 1629 817 1668 80.

70 1681 429 1728 Gn.::Gm·:csscu
457 1684 636 1726 Dua-rm
663 1694 854 1730 Botanices
879 1693 971 1738 prof.
995 1694 1032 1729 in
1056 1693 1179 1729 fecult.
1203 1694 1343 1730 medica
1356 1705 1384 1730 r.
1398 1694 1575 1731 univ.Bu-

273 1741 411 1776 curesci
436 1742 455 1764 *
475 1740 542 1785 jul.
567 1742 600 1775 2.
627 1745 671 1776 st.
695 1752 729 1776 n.
752 1741 841 1785 (jun.
866 1743 924 1785 20)
954 1742 1054 1775 1841.
1081 1740 1239 1776 Cernetii
1264 1741 1365 1777 distr.
1378 1741 1576 1777 Meheden-

274 1787 315 1822 tii
339 1786 546 1823 Valachiae.
573 1788 663 1822 1860
690 1788 837 1829 „medic.
851 1787 896 1822 de
922 1787 1082 1823 bataliou
1107 1787 1150 1823 01.
1173 1787 1242 1822 II.“
1270 1789 1498 1824 1864-1868
1510 1787 1578 1824 Pa-

272 1833 381 1869 risiis.
410 1835 509 1869 1868.
533 1834 625 1878 prot.
651 1834 796 1869 scholae
820 1834 1016 1878 superioris
1028 1833 1265 1869 Pharmaciae
1278 1834 1463 1870 Bucurest.
1484 1845 1579 1871 nunc

273 1891 353 1916 cum
376 1879 548 1915 facultate
575 1880 715 1915 medica
746 1881 968 1924 conjunctae.
1002 1881 1089 1915 1877
1116 1884 1151 1916 et
1178 1881 1267 1915 1878
1291 1882 1580 1918 nosocomiorum

269 1926 371 1962 milit.
395 1927 433 1961 in
457 1926 785 1970 'I'urnu-Magurele
811 1927 978 1962 director.
997 1927 1117 1972 Opera
1141 1927 1455 1963 botanica:These
1479 1938 1571 1972 pour

271 1973 306 2008 le
331 1972 495 2008 doctorat
520 1982 564 2007 en
587 1973 774 2008 Medecine
791 1974 983 2018 presentee
999 1978 1036 2009 et
1049 1976 1222 2009 soutenue
1247 1975 1280 2009 le
1302 1976 1358 2010 30.
1372 1975 1443 2010 mai
1476 1975 1578 2010 1868.

272 2019 328 2055 De
353 2019 560 2054 l’Achoriou
596 2019 836 2055 Schoenleinii
873 2030 918 2055 ou
944 2020 992 2056 du
1029 2019 1274 2066 champignon
1310 2020 1355 2056 de
1380 2021 1417 2057 la
1442 2020 1579 2066 Teigue

271 2065 430 2102 faveuse.
457 2066 587 2101 These.
615 2066 718 2101 Paris
747 2067 846 2101 1868.
870 2068 916 2101 40
938 2078 999 2111 pp.
1024 2069 1081 2102 4⁰.
1105 2086 1149 2093 —
1177 2066 1366 2111 Catalogul
1396 2067 1579 2112 plantelor

273 2111 443 2148 cultivate
469 2112 506 2147 in
532 2112 693 2148 Gradina
726 2113 898 2148 Botanica
924 2114 987 2148 din
1023 2113 1213 2149 Bucuresti
1249 2113 1287 2149 iu
1314 2114 1436 2150 cursul
1460 2113 1578 2150 anilor

277 2160 377 2194 1871.
403 2158 491 2204 pina
514 2159 550 2194 la
578 2159 664 2194 1875
690 2159 734 2194 (le
758 2159 934 2195 Doctorul
959 2159 1454 2198 G.GnncnsonProfesor1a
1471 2160 1578 2197 Scola

275 2204 320 2240 de
343 2205 529 2241 Farmacie
553 2215 574 2240 a
599 2204 759 2241 Univers.
785 2206 846 2241 din
871 2206 1082 2251 Bucuresci3
1108 2206 1330 2242 ex-director
1344 2206 1379 2242 al
1404 2206 1576 2242 Gradinei

273 2251 457 2297 Botanice‚
483 2256 549 2286 etc.
576 2253 768 2287 Bucuresci
797 2253 975 2288 1876.203
988 2263 1048 2297 pp.
1063 2256 1100 2288 et
1123 2253 1219 2288 horti
1244 2252 1291 2288 ad
1314 2253 1503 2289 umbratio.
1518 2254 1574 2289 8⁰.

271 2297 377 2332 Horti
400 2298 556 2334 botanici
594 2299 772 2342 quondam
808 2298 1010 2334 Cotrocenii
1053 2309 1166 2344 prope
1193 2299 1386 2338 Bucuresci
1411 2299 1575 2336 florentis

270 2343 432 2389 historia,
460 2345 655 2388 descriptio
682 2349 717 2380 et
741 2345 946 2389 plantarum
972 2347 1009 2381 in
1036 2346 1162 2382 eodem
1186 2345 1363 2382 cultarum
1377 2346 1576 2392 catalogus,

272 2399 343 2424 una
367 2401 444 2426 cum
468 2391 683 2426 familiarum
707 2392 926 2427 naturalium
950 2392 1041 2427 clavi
1064 2393 1255 2438 analyt.—-
1278 2392 1491 2429 Escursiuni
1513 2393 1576 2429 bo·

270 2436 387 2472 tanice
410 2448 455 2482 pc
482 2438 610 2472 Buceci
625 2440 682 2482 (ex
709 2437 904 2474 M'ouitorul
930 2438 1073 2476 oficialu
1097 2450 1131 2475 n.
1156 2440 1203 2475 50
1223 2448 1255 2475 a.
1269 2439 1357 2475 1869
1382 2440 1507 2485 reimp.
1522 2440 1573 2484 iu)

206 2577 215 2596 ¹
236 2576 352 2620 primo
378 2577 481 2623 impr.
505 2578 541 2613 in
567 2579 758 2616 BRANDZA
784 2577 911 2614 Prodr.
936 2578 1213 2615 XXV—LVIII.
1239 2581 1312 2615 not.
1339 2590 1373 2615 n.
1398 2581 1456 2616 29.
1482 2579 1564 2615 dein

61 2620 187 2665 Veget.
211 2623 360 2659 39—62.
383 2634 418 2659 n.
442 2625 499 2659 29.

63 2716 136 2753 not.
160 2668 500 2754 „fgffssjgfnnm
523 2671 546 2706 1.
573 2681 603 2706 ο.
628 2682 661 2718 p.
685 2670 951 2709 xxw-Lvu
976 2675 1066 2709 text.
1090 2673 1265 2719 etVeget.
1291 2673 1571 2719 5—-7‚62-66.
