1812 3083
242 105 281 151 X

242 236 284 279 in
314 246 376 287 eo,
409 231 520 289 quod
545 231 772 275 relationes
804 231 1087 274 Korscnranas
1117 228 1290 281 adtinet,
1336 225 1519 281 suspicio
1548 227 1649 271 mihi
1679 227 1743 272 in·

241 293 373 346 sidet;
403 295 468 335 ast
488 303 576 333 rem
608 301 659 332 ex
688 293 808 333 textu
837 300 1059 343 agnoscere
1100 286 1300 339 nesciens,
1341 286 1492 328 melius
1523 286 1742 330 censebam

243 363 314 395 eas
343 350 550 394 omittere.
583 348 624 391 Si
657 359 963 401 nonnunquam,
984 349 1050 388 ast
1070 344 1282 388 rarissime
1312 344 1460 398 solum,
1479 345 1606 387 etiam
1630 344 1743 399 plan·

240 414 306 453 tes
338 412 501 452 tantum
530 407 583 450 ad
605 406 718 459 fines,
753 406 824 449 sed
856 405 1070 457 hucusque
1101 404 1235 446 solum
1264 402 1308 445 in
1337 402 1566 456 Hungaria,
1597 414 1742 446 occur-

239 471 379 511 rentes
411 465 662 517 enumeravi,
693 476 728 507 e.
761 476 809 517 gr
851 475 878 505 n
923 465 1017 504 577.
1055 461 1366 503 Waldsteiniam
1385 460 1625 515 sibiricam,
1646 459 1744 504 inde

240 530 316 576 est,
347 524 458 579 quod
487 535 730 578 persvasum
770 521 869 564 mihi
913 520 1131 575 habebam,
1175 519 1282 562 hane
1321 519 1509 573 plantam
1541 519 1669 562 etiam
1699 519 1743 562 in

242 583 434 639 partibus
463 581 690 625 Romaniae
719 579 908 623 inveniri.

371 640 600 684 Nonnulzas
629 638 855 682 relationes
884 637 1034 680 deesse
1057 648 1179 690 pos=e
1195 637 1392 691 concedo,
1410 648 1548 692 neque
1578 647 1739 691 negare

237 699 331 744 volo
362 706 433 741 e'as
464 697 573 740 forte
602 696 739 751 magni
771 696 968 739 momenti
1019 708 1124 749 esse,
1169 695 1243 738 sed
1282 695 1429 737 harum
1459 695 1741 750 perscrutatio

238 757 412 800 nimium
455 760 622 810 tempus
664 755 898 809 exegisset;
941 753 1034 796 ideo
1089 754 1326 796 huiusmodi
1365 753 1595 798 relationes
1645 756 1747 796 tunc

238 819 402 858 tantum
430 814 618 867 assumsi,
648 814 683 856 si
714 812 927 867 inopinate
957 812 1058 854 mihi
1090 812 1362 855 obvenerunt.
1398 812 1468 854 Sic
1498 824 1533 855 e.
1568 823 1629 866 gr.
1661 823 1745 854 non

238 873 443 916 habebam
474 875 637 915 tantum
667 870 878 924 temporis,
891 874 939 912 ut
969 870 1077 912 hunc
1109 870 1151 913 in
1172 870 1294 912 finem
1325 870 1387 911 Dc
1412 869 1742 913 Casnoncsorum

239 931 511 974 Prodromum
559 929 665 985 Syst.
696 941 786 982 veg.
827 928 1139 982 pervolverem;
1183 928 1353 972 tametsi
1397 941 1481 972 non
1522 927 1745 972 dubitave-

239 990 318 1032 rim
347 988 479 1032 multa
508 1000 600 1031 esse
631 988 673 1030 in
703 987 782 1030 hoc
812 999 940 1041 opere
970 986 1220 1030 documenta
1251 991 1339 1029 tum
1365 987 1504 1041 magni
1534 985 1746 1039 momenti,

242 1051 332 1090 tum
364 1047 507 1089 critice
537 1045 828 1089 determinata.

376 1104 542 1148 Nostris
571 1104 707 1147 adhuc
737 1104 1007 1158 temporibus,
1038 1105 1135 1146 dum
1181 1103 1272 1146 viae
1318 1104 1484 1148 ferreae
1514 1104 1556 1146 in
1589 1103 1740 1146 Roma·

241 1162 310 1207 nia
339 1163 443 1206 satis
472 1175 592 1205 rarae
624 1165 731 1215 sunt,
745 1163 994 1216 praesertim
1024 1173 1178 1216 operae
1209 1162 1393 1216 pretium
1424 1166 1538 1206 esset
1567 1173 1744 1216 regnum

240 1220 509 1274 perscrutari,
539 1224 588 1264 ut
618 1220 739 1263 simul
771 1220 974 1264 certiores
1005 1219 1210 1274 fieremus,
1241 1231 1460 1276 quousque
1492 1233 1537 1264 se
1564 1232 1648 1264 una
1677 1219 1739 1263 al·

240 1283 385 1322 terave
416 1279 560 1333 planta
591 1278 803 1321 extendat.

379 1335 515 1389 Quum
545 1349 649 1391 opus
679 1336 759 1380 hoc
789 1350 870 1380 non
902 1337 959 1380 sit
988 1350 1064 1391 pro
1095 1337 1301 1380 tironibus
1332 1339 1547 1392 scriptum,
1564 1336 1665 1380 etin
1683 1348 1747 1390 eo,

240 1395 350 1440 sicut
378 1394 461 1438 iam
490 1395 672 1448 memini,
703 1395 998 1450 synonymiam,
1044 1395 1181 1450 quoad
1213 1396 1304 1438 eius
1335 1395 1427 1440 fieri
1452 1399 1610 1451 posset,
1642 1407 1742 1439 con·

239 1453 410 1497 trahere
440 1452 670 1507 cupierim;
715 1464 842 1507 quum
872 1466 997 1506 porro
1043 1466 1150 1497 nova
1179 1454 1345 1497 nomina
1376 1464 1593 1498 assumere
1622 1454 1744 1497 nolu·

240 1511 344 1555 erim
362 1525 371 1554 :
401 1511 497 1553 ideo
518 1524 600 1553 non
618 1523 713 1553 raro
734 1512 811 1554 sub
832 1512 999 1554 nomine
1019 1512 1245 1554 recentiori
1266 1537 1322 1546 -
1342 1526 1420 1568 per
1436 1515 1650 1556 auctorem
1670 1511 1749 1555 ali-

242 1580 366 1623 quem
396 1569 525 1612 citato
544 1593 596 1599 --
615 1580 665 1611 ea
697 1570 962 1621 enumeravi3
994 1571 1028 1612 si
1059 1570 1353 1614 determinatio
1386 1571 1656 1626 comprobata
1684 1570 1747 1613 fu-

242 1627 334 1677 erit,
366 1626 522 1681 absque
552 1627 678 1670 dubio
709 1628 796 1670 viro
828 1626 971 1670 floram
1002 1628 1228 1671 Romanam
1261 1630 1407 1673 critice
1438 1629 1645 1683 digerenti
1675 1628 1750 1673 ob-

242 1684 383 1728 veniet
412 1697 561 1728 munus
590 1685 754 1739 legibus
785 1685 1018 1739 prioritatis
1049 1687 1345 1731 convenienter
1378 1689 1542 1741 agendi.

382 1742 471 1795 His,
503 1754 612 1797 quae
656 1744 737 1786 dixi
783 1757 860 1797 pro
892 1744 1100 1787 Moldavia
1132 1750 1176 1788 et
1206 1745 1409 1789 Valachia
1440 1745 1614 1789 firmiter
1634 1748 1748 1788 stan-

242 1801 367 1853 tibus,
397 1800 620 1844 Dobrodea
651 1806 889 1856 pergratam
934 1802 1034 1845 lacit
1077 1803 1376 1857 exceptionem¹
1423 1805 1579 1859 quippe
1625 1814 1750 1857 quam

242 1858 517 1902 amicissimus
549 1859 694 1901 Vici-on
729 1874 774 1900 DE
806 1859 928 1902 Jasm
961 1867 1277 1916 peragraverat,
1298 1864 1340 1905 in
1372 1876 1454 1916 qua
1470 1875 1633 1904 ramme
1663 1860 1749 1904 Sir<-

242 1931 348 1958 resis
382 1917 545 1969 plantas
590 1917 784 1972 legerunt
823 1930 899 1971 per
931 1920 978 1961 cl.
1012 1920 1059 1961 R.
1089 1934 1135 1959 oe
1167 1920 1390 1963 Uacmmz
1431 1921 1749 1972 determinatas;

244 1975 501 2029 quibuscum.
533 1975 565 2018 si
589 1976 815 2019 relationes
847 1976 1008 2030 priores
1029 1978 1072 2020 O.
1097 1978 1330 2022 Kocnianas
1361 1979 1751 2034 comparaverimus,

244 2033 323 2075 hae
369 2044 469 2075 vero
499 2034 630 2076 multo
670 2034 901 2088 pauciores.
945 2037 1083 2078 Etiam
1115 2037 1384 2081 collectiones
1414 2050 1439 2080 a
1475 2038 1524 2079 cl.
1561 2038 1751 2088 Zamnes,

244 2089 567 2144 Sclmnscnm·›·r‚
598 2091 732 2133 Arrssi
768 2096 811 2134 et
838 2094 890 2136 ab
921 2094 1013 2137 aliis
1046 2094 1291 2148 quibusdam
1322 2095 1459 2138 factae
1490 2095 1622 2149 magis
1665 2106 1750 2138 res·

245 2152 370 2202 pectu
403 2148 709 2192 distributionis
738 2151 973 2204 plantarum
1006 2156 1102 2195 sunt
1133 2154 1437 2197 memorabiles.

381 2205 474 2249 Non
503 2219 630 2260 parvo
662 2208 760 2250 mihi
809 2209 1066 2253 incommodo
1097 2211 1188 2264 fuit,
1230 2213 1478 2266 praeprimis
1508 2213 1620 2267 apud
1649 2224 1747 2255 aue-

244 2268 359 2307 tores
388 2265 547 2318 patrios
588 2277 776 2320 magnam
820 2268 862 2310 in
903 2268 1133 2311 indicandis
1162 2271 1265 2313 loeis
1295 2271 1505 2313 natalibus
1534 2271 1748 2314 obversari

246 2322 642 2377 inconsequentiam,
683 2328 726 2366 et
760 2325 927 2377 quidem
959 2339 1082 2380 saepe
1123 2329 1164 2370 in
1207 2329 1352 2372 eodem
1395 2330 1521 2371 etiam
1564 2328 1751 2372 eiusdem

247 2380 431 2423 auctoris
462 2392 602 2434 opere.
645 2381 814 2425 Utinam
845 2385 1153 2439 perpenderent
1182 2387 1236 2438 hi,
1276 2388 1317 2429 in
1360 2386 1471 2430 facto
1503 2386 1650 2430 eodem
1680 2399 1749 2429 re·

246 2437 441 2496 petendo,
473 2449 554 2492 quo
596 2439 757 2481 facilius
798 2442 974 2496 intelligi
1005 2444 1150 2497 possit,
1191 2445 1348 2488 eisdem
1379 2445 1519 2489 verbis
1551 2445 1750 2488 utendum

248 2507 354 2546 esse,
387 2499 431 2538 et
461 2508 590 2550 opera
621 2501 906 2543 enumeraliva
948 2513 1029 2543 non
1073 2514 1163 2545 esse.
1202 2507 1324 2557 aptos
1357 2504 1469 2547 locos
1511 2503 1563 2546 ad
1595 2503 1747 2559 stylum

250 2553 487 2608 poliendum
517 2558 643 2609 atque
674 2556 927 2601 variandum.

386 2611 550 2678 {Eruditi
579 2613 766 2668 artisque
810 2617 946 2671 periti,
980 2629 1155 2673 errores,
1187 2619 1257 2672 qui
1290 2620 1331 2662 in
1363 2618 1607 2663 emendandi
1649 2631 1749 2662 cura

250 2673 521 2714 attentionem
553 2683 687 2714 meam
734 2672 941 2729 sugerunt,
989 2675 1111 2720 facile
1156 2678 1511 2731 animadvertent;
1543 2677 1747 2722 tironibus
