1812 3083
1503 100 1583 145 VII

69 243 147 288 per
176 229 493 276 dislocationem
523 228 634 272 circa
654 228 760 272 tales
775 228 941 284 plantas
963 228 1260 284 factam‚ci1·ca
1279 239 1383 285 quas
1401 230 1585 285 suspicio

70 291 243 334 subesse
274 288 437 343 potuit,
467 299 546 342 per
575 287 935 331 enumerationem
967 287 1226 342 singularem
1267 288 1426 343 speciei
1457 293 1590 343 atque·

71 349 162 393 eius
192 346 420 404 synonymi,
439 349 652 401 tamquam
673 346 932 390 diversarum
950 346 1198 401 specierum,
1223 347 1276 390 ab
1298 351 1472 391 auctore
1493 347 1589 402 ipso

73 407 244 460 factam)
275 405 453 457 nomina,
485 415 594 457 quae
624 417 849 460 synonyma
879 409 989 457 sunt,
1019 405 1072 447 ab
1103 405 1277 449 auctore
1297 405 1589 449 discriminata

71 465 213 517 fuisse,
235 464 380 517 itaque
401 463 479 507 sub
501 474 583 506 uno
616 474 639 504 e
660 463 823 506 duobus
843 464 908 506 vel
940 463 1018 506 sub
1049 467 1233 517 utroque
1263 464 1430 507 nomine
1465 465 1591 518 pror·

73 536 144 567 sus
173 522 287 566 aliud
315 523 470 565 latere:
502 543 558 553 -—
584 521 687 564 talia
716 520 885 565 nomina
923 520 1032 564 serie
1073 522 1272 565 distincta
1313 523 1356 565 in
1397 523 1589 576 apricum

68 593 224 636 ponere
256 581 411 624 bonum
441 579 542 622 mihi
573 580 707 622 visum
746 583 821 623 est.
865 579 1120 634 Coniectavi‚
1150 584 1281 635 atque
1316 580 1396 624 hoc
1433 582 1588 624 iterum

69 641 308 693 iterumque
338 637 557 690 fecissem;
599 641 644 680 at
673 650 772 691 pars
802 638 945 692 aliqua
985 638 1250 691 relationum,
1290 638 1397 693 proh
1438 638 1588 682 dolor!

68 697 172 741 adeo
208 697 370 740 incerta
405 699 482 749 est,
515 700 562 738 ut
591 696 718 738 dubia
747 695 845 739 hinc
877 700 981 745 orta,
1016 696 1084 739 vel
1114 700 1278 740 tantum
1308 697 1352 740 in
1390 697 1482 740 loco
1512 709 1587 740 na-

68 756 156 810 tali,
186 756 252 799 vel
280 755 323 797 in
353 754 493 809 aliquo
539 753 735 798 herbario
779 755 887 798 tales
928 755 1096 809 plantas
1139 755 1382 799 continente
1422 755 1586 809 possint

70 813 238 858 resolvi.

205 872 424 916 Sumamus
455 871 508 914 ad
539 884 602 925 ea,
643 883 751 926 quae
799 872 989 924 diximus,
1035 873 1372 927 demonstranda,
1415 872 1587 927 aliquod

72 931 318 985 exemplum,
361 941 443 985 quo
485 929 696 973 illustrato
737 930 852 973 cerni
882 931 1028 986 possit,
1060 942 1185 986 quam
1217 931 1322 975 dura
1352 930 1411 974 sit
1437 934 1584 974 nostra

66 989 109 1032 in
139 988 344 1032 similibus
375 987 570 1032 conditio.

207 1047 268 1091 Cl.
300 1047 351 1089 D.
381 1045 564 1088 BnAunzA
594 1047 882 1092 universitatis
924 1047 1248 1092 Bucurestensis
1278 1048 1506 1103 professor,
1539 1051 1585 1091 et

67 1107 226 1163 primus
269 1103 460 1160 profecto
501 1104 613 1148 inter
657 1106 876 1161 indigenas
918 1107 1148 1160 botanicus,
1188 1119 1296 1150 anno
1342 1108 1467 1150 1881.
1514 1108 1582 1157 21‘15

65 1165 232 1220 Aprilis,
263 1162 363 1206 mibi
410 1174 435 1205 e
464 1163 601 1206 tribus
644 1163 749 1208 locis
780 1165 991 1209 natalibus
1034 1165 1201 1220 plantas
1234 1165 1362 1220 misit,
1393 1164 1581 1220 singulas

66 1223 237 1280 propria
266 1220 466 1266 schedula
495 1221 720 1278 praeditas,
755 1222 797 1266 in
828 1236 931 1278 quas
962 1224 1068 1269 haec
1099 1224 1320 1280 leguntur:

812 1325 841 1363 1.

202 1396 362 1442 Alyuum
385 1394 535 1438 alpe-’tre
558 1395 667 1435 CZIH.
692 1398 729 1432 et
751 1396 878 1436 Emer..

394 1446 579 1478 tor-tuocum
603 1442 662 1479 W.
688 1442 774 1483 Ru».

389 1501 511 1535 ”pm
537 1490 671 1572 ΒΜἛΧ
694 1537 797 1574 herb.
822 1537 916 1574 ndei
943 1536 1074 1584 (1835).

799 1631 844 1667 11.

203 1702 359 1749 Alyeeum
383 1707 567 1739 toreuomm
591 1701 649 1739 W.
675 1701 783 1741 Krrf?

387 1761 508 1795 repom
534 1750 657 1789 BMGJ?

201 1795 242 1832 In
269 1795 402 1842 Buce-gi
424 1798 461 1834 la
486 1796 647 1835 Sebitiul'
673 1796 829 1832 Pescera
853 1795 898 1831 de
922 1795 960 1831 la
983 1794 1196 1831 Jalomitiia.

613 1841 810 1888 (Brandza)
837 1843 937 1878 1880.
962 1841 1069 1878 Julie.

793 1935 856 1971 111.

201 2007 358 2051 Alyuum
386 2011 569 2043 tortuosum
596 2007 651 2043 W.
684 2006 786 2044 lint?

384 2066 504 2099 repens
530 2055 650 2093 BMG‘?

201 2100 241 2136 In
267 2100 401 2147 Bucegi
423 2112 469 2148 pe
494 2101 589 2138 virfu
614 2100 781 2136 Furnicei

613 2146 806 2192 (Brandza)
838 2146 935 2182 1878.
961 2146 1068 2183 Junie
1092 2146 1126 2182 6.

200 2228 344 2273 Nrms
376 2231 594 2286 Conspect.
628 2231 737 2274 Flor.
770 2229 926 2284 Europ.
958 2241 999 2284 p.
1033 2231 1099 2271 56.
1132 2225 1321 2284 Alyssum
1349 2240 1499 2283 repens
1529 2231 1573 2271 et

64 2299 103 2339 p.
135 2289 202 2330 57.
235 2288 281 2330 A.
303 2296 535 2332 tortuosum
566 2289 638 2345 (A.
660 2289 855 2343 alpestris
887 2287 1171 2341 subspeciem)
1202 2287 1390 2332 nominat
1422 2300 1447 2329 e
1468 2287 1575 2330 Mol-

64 2345 196 2398 davia,
227 2351 446 2402 utramque
468 2351 609 2391 tamon
639 2349 836 2403 plantam,
853 2347 953 2401 quin
983 2346 1035 2388 de
1063 2346 1259 2390 herbario
1286 2346 1427 2400 aliquo
1459 2357 1579 2388 men-

63 2403 219 2446 tionem
251 2404 497 2459 faceret301.
520 2407 698 2449 Burnum
718 2410 860 2449 autem
890 2404 1068 2459 plantas,
1086 2415 1195 2459 quae
1224 2405 1268 2448 in
1298 2404 1465 2459 alpibus
1487 2402 1576 2446 Bu-

64 2460 195 2504 cieciu
211 2463 490 2520 inveniuntur,
508 2465 715 2508 schedulis
735 2468 916 2518 utroque
930 2462 1094 2506 nomine
1111 2462 1316 2518 praeditis
1346 2461 1577 2516 consignat,

60 2518 160 2562 licet
190 2520 232 2563 in
263 2533 392 2576 opere
421 2535 521 2565 suo:
554 2522 802 2566 Prodromul
834 2526 914 2565 etc.
946 2524 1044 2563 tom.
1076 2521 1280 2575 I.p.127.
1313 2519 1570 2574 exemplaria

64 2576 107 2619 in
137 2577 218 2632 alp.
250 2578 448 2622 Bucieciu
492 2581 622 2624 l'irvu
663 2580 857 2624 Furnicei
890 2580 1059 2623 inventa
1098 2579 1264 2622 nomine
1309 2580 1355 2621 A.
1388 2576 1574 2620 Rockelii

65 2634 194 2689 (quod
225 2642 291 2680 est
325 2640 379 2680 A.
410 2642 588 2693 repentis
616 2638 767 2694 forma)
789 2642 922 2692 vocet,
955 2638 1073 2680 euius
1102 2642 1243 2681 tamen
1273 2636 1451 2681 nominis
1482 2634 1572 2678 nul·

62 2692 149 2736 lum
179 2695 400 2752 vestigium
422 2698 540 2742 adest
569 2699 611 2743 in
631 2697 714 2742 illis
737 2696 873 2742 tribus
893 2696 1113 2752 schedulis,
1130 2707 1235 2751 quas
1255 2695 1355 2739 mihi
1383 2694 1572 2737 miserat.
