1812 3083
196 115 279 164 XII

198 257 287 290 mos
315 245 520 288 lectorum
550 240 792 285 alliciendos
810 241 914 284 adeo
945 242 1090 294 aptum
1121 239 1320 292 futurum,
1338 240 1385 280 ut
1407 236 1450 280 in
1481 236 1710 281 secundnm

198 305 282 347 iam
310 302 417 347 tales
447 301 573 345 etiam
603 299 828 344 relationes
859 309 1070 342 assumere
1100 298 1268 352 possim,
1300 307 1476 350 quarum
1497 295 1541 338 in
1570 295 1707 349 primo

199 374 249 405 ne
279 360 435 404 mentio
467 358 634 413 quidem
664 358 775 401 facta
805 357 907 410 fuit3
948 357 1129 400 sciebam
1170 358 1295 409 porro
1326 354 1428 406 fore,
1461 357 1510 396 ut
1539 354 1593 397 de
1623 365 1708 398 una

199 421 386 463 alterave
415 432 462 462 re
493 415 815 467 commonefiam,
848 427 956 470 quae
987 414 1086 457 mihi
1118 419 1244 458 antea
1275 413 1418 465 ignota
1447 412 1530 455 fuit
1545 411 1710 456 velnon

200 478 303 521 satis
335 476 570 531 conspicua.
604 475 647 517 Si
679 479 776 517 ante
808 474 1030 517 editionem
1073 473 1289 526 petiissem
1320 470 1560 520 relationes,
1592 470 1710 514 dubi·

202 549 272 579 um
302 539 381 586 est,
414 541 552 578 utrum
583 540 832 586 accepturus
861 532 1043 583 fuissem,
1089 543 1138 573 an
1182 541 1323 580 secus3
1371 529 1431 572 sic
1474 539 1574 571 vero
1604 528 1711 571 adeo

198 594 412 649 pretiosae
442 592 633 646 tantique
663 592 858 634 momenti
906 591 1130 632 relationes
1170 600 1332 630 mecum
1379 587 1711 630 communicatae

200 655 308 706 sunt,
339 654 387 694 ut
416 649 561 694 iisdem
593 647 695 692 flora
722 649 937 702 plagarum
969 658 1100 700 usqne
1130 648 1181 690 ad
1214 646 1393 690 Pontum
1417 644 1624 689 Euxinum
1655 644 1712 688 si-

205 715 343 754 tarum
379 709 483 752 satis
512 708 620 750 bene
650 707 860 750 illustrata
891 708 956 750 sit.

335 803 399 845 De
429 802 507 845 huc
524 813 652 855 opere
669 799 855 854 inpriinis
874 800 981 843 bene
997 800 1173 843 meritus
1190 802 1255 841 cst
1277 799 1326 840 cl.
1349 799 1398 840 R.
1419 812 1465 839 ns
1489 798 1713 840 Uacurmrz

202 862 275 915 qui
305 861 525 903 materiam
556 873 581 902 a
611 872 811 900 vitumnus
844 859 1017 901 SlNTBle
1048 859 1090 900 in
1134 857 1360 900 Dobrodea
1411 856 1631 900 collectam
1672 856 1715 899 in

202 919 388 961 ordinem
418 918 582 971 redegit
612 922 657 959 et
686 917 785 958 mihi
803 929 962 959 sumina
983 916 1187 958 resultata
1208 915 1332 957 huius
1352 915 1711 969 magnimomenti

203 976 359 1020 laboris
404 976 583 1029 benigne
626 975 840 1028 exhibuit,
880 974 1001 1017 simul
1047 986 1113 1016 me
1167 974 1248 1016 alio
1293 973 1421 1016 etiam
1467 973 1589 1016 modo
1637 985 1714 1016 sua

202 1034 426 1088 prudentia
457 1038 500 1077 et
530 1032 786 1086 experientia
816 1032 1059 1075 sublevavit.
1092 1032 1193 1075 Post
1212 1032 1320 1074 hunc
1342 1032 1476 1074 virum
1499 1030 1714 1085 egregium

202 1105 285 1135 non
317 1104 435 1135 secus
465 1092 573 1134 bene
604 1091 779 1133 meritus
813 1096 877 1134 est
907 1091 1180 1134 amicissimus
1213 1091 1360 1132 'Vicron
1393 1105 1438 1130 ui:
1471 1089 1611 1141 stm,
1642 1090 1713 1143 qui

201 1151 243 1193 in
273 1150 359 1193 suis
379 1149 798 1202 peregrinationibus,
818 1161 924 1202 quac
955 1152 1152 1203 respectu
1170 1149 1371 1191 scientiae
1388 1157 1553 1201 semper
1573 1148 1715 1201 magni

202 1209 402 1251 momenti
432 1208 648 1250 habendae
680 1212 813 1260 erunt,
845 1207 976 1250 mirae
1008 1207 1291 1260 experientiae
1322 1207 1535 1260 particeps
1566 1205 1716 1258 factus,

202 1278 266 1308 me
299 1266 351 1308 ad
382 1265 523 1319 plures
554 1266 790 1319 relationes,
810 1278 915 1319 quae
931 1265 1206 1317 Dobrodeam,
1236 1266 1301 1307 vel
1333 1265 1578 1307 Romaniam
1594 1264 1715 1306 stric-

202 1323 301 1367 tiori
332 1336 454 1367 sensu
486 1328 692 1377 sumptam
724 1328 995 1377 spectassent,
1028 1327 1237 1366 attentum
1269 1323 1382 1375 fecit,
1406 1326 1448 1365 et
1462 1322 1714 1365 determina-

203 1381 337 1425 tiones
368 1382 620 1436 plantarum,
652 1392 757 1436 quae.
789 1395 838 1424 ex
869 1382 1071 1425 Romania
1103 1381 1300 1424 oriundae
1333 1393 1357 1423 a
1387 1380 1513 1423 variis
1549 1379 1716 1424 botani-

202 1439 260 1483 cis
291 1440 490 1483 collectae
531 1444 659 1494 atque
692 1440 744 1482 ad
785 1454 850 1483 me
895 1439 1046 1482 missae
1087 1444 1217 1494 erant,
1249 1439 1413 1492 revidit,
1446 1439 1529 1482 imo
1561 1438 1715 1482 multas

203 1497 330 1541 etiam
360 1498 450 1552 ipse
479 1498 788 1541 determinavit.

346 1579 563 1634 Accipiaut
594 1581 716 1623 ambo
748 1580 790 1622 hi
823 1580 898 1622 viri
930 1581 983 1623 de
1014 1580 1115 1622 flora
1138 1580 1359 1633 Europaea
1391 1580 1547 1633 optime
1578 1578 1718 1622 meriti

237 1649 432 1690 summas,
465 1650 568 1692 quas
598 1638 755 1681 referre
785 1651 966 1692 possum,
999 1639 1178 1691 gratias!

343 1718 474 1760 Grata
504 1730 736 1773 prosequor
782 1720 980 1761 memoria
1022 1719 1150 1760 etiam
1194 1718 1398 1761 beneficia
1445 1719 1594 1761 summi
1636 1720 1717 1762 mei

204 1776 491 1830 Moecenatis,
542 1776 869 1820 Eminentissimi
917 1790 965 1819 ac
1011 1777 1365 1820 Reverendissimi
1406 1777 1573 1820 Domini
1619 1777 1717 1820 Dris

203 1833 387 1877 Luuovici
422 1833 540 1876 Cam).
584 1835 763 1876 Humum
796 1834 1142 1889 Archi-Episcopi
1196 1835 1461 1888 Coloccnsis,·
1494 1835 1565 1890 qui
1596 1836 1717 1889 regni

204 1891 445 1945 Hungariae
475 1893 631 1935 limites
663 1893 830 1944 saepius
862 1898 1147 1947 transgressus
1179 1893 1305 1936 etiam
1354 1894 1585 1936 Romaniae
1635 1893 1711 1936 flo-

204 1963 292 1992 ram
339 1949 494 2003 plantis
537 1950 820 2004 locupletavit,
868 1956 912 1994 et
958 1963 1024 1994 me
1066 1964 1127 2005 ea,
1172 1962 1281 2004 (piac
1323 1957 1520 2006 respectu
1566 1952 1715 1995 harum

204 2007 313 2051 scitu
344 2009 579 2051 necessaria
609 2009 795 2064 fuissent,
827 2010 1127 2063 gratiosissime
1159 2010 1340 2053 edocuit.

343 2099 482 2143 Etiam
514 2113 629 2144 meus
663 2104 710 2144 el.
739 2104 896 2156 collega
930 2104 999 2145 Dr.
1043 2104 1264 2145 (jnrcomus
1297 2103 1654 2158 Sznassistingvae
1671 2115 1720 2146 ac

206 2159 471 2201 litteraturae
502 2172 698 2203 romanae
731 2161 770 2202 in
806 2161 1086 2204 Universitate
1105 2161 1469 2214 Claudiopolitana
1503 2161 1717 2215 professor

209 2230 248 2269 p.
268 2229 318 2267 o.,
337 2228 403 2259 me
435 2228 484 2259 eo
507 2217 584 2259 sibi
604 2219 823 2260 admodum
856 2219 1051 2271 devinxit,
1070 2219 1179 2272 quod
1196 2218 1465 2262 difficultates
1487 2233 1535 2262 ex
1557 2220 1721 2273 lingvae

207 2286 402 2318 romanae
432 2274 666 2328 ignorantia
696 2277 794 2318 mihi
841 2282 1006 2320 exortas
1050 2278 1231 2319 libenter
1280 2278 1468 2321 solvevit.
1496 2301 1550 2309 --
1584 2277 1715 2320 Porro

209 2332 365 2385 gratias
395 2344 492 2385 ago:
528 2334 813 2377 universitatis
831 2334 1151 2378 Bucurest-eusis
1183 2336 1421 2389 professori,
1452 2336 1528 2379 Dri
1544 2337 1592 2378 D.
1612 2335 1718 2379 Gne-

211 2404 338 2442 cs=cu,
372 2390 446 2431 Dri
481 2390 528 2432 A.
549 2391 592 2433 l'.
626 2393 775 2444 Arrssi,
806 2394 1007 2446 gymnasii
1039 2406 1128 2447 sup.
1160 2406 1296 2447 graec.
1332 2395 1440 2436 cath.
1465 2394 1718 2437 Naszodien-

209 2447 266 2489 sis
296 2447 533 2501 professori,
565 2449 673 2492 sicut.
704 2455 745 2492 et
776 2452 910 2493 tribus
957 2451 1171 2505 discipulis
1199 2451 1299 2494 mihi
1331 2450 1605 2506 gratissimisj:
1638 2451 1714 2494 Dri

210 2505 323 2547 Jumo
367 2504 676 2548 Sciixanscninu‘r
722 2521 827 2550 nunc
875 2510 1100 2552 cathedrae
1142 2522 1257 2552 meae
1304 2510 1543 2560 assistenti,
1586 2510 1719 2553 Gron-

211 2575 274 2604 mo
304 2562 491 2606 Vursinrs
525 2569 568 2607 et
597 2565 734 2607 JOAle
766 2566 886 2607 Lumo
923 2580 996 2620 pro
1032 2568 1183 2620 plantis
1215 2569 1257 2610 in
1289 2568 1465 2611 diversis
1487 2567 1716 2611 Romaniae

213 2621 316 2665 locis
347 2621 545 2665 collectis.
579 2621 638 2666 Cl.
671 2624 709 2666 J.
742 2623 1050 2666 SOHAARSCffllli)T
1071 2628 1290 2679 praeterea
1320 2631 1453 2671 totam
1474 2626 1597 2669 huius
1616 2637 1717 2680 ope·

217 2675 277 2724 ris
306 2683 481 2736 partem,
512 2692 617 2735 quac
649 2681 773 2736 Algas
802 2686 1045 2738 pertractat,
1080 2685 1171 2738 ipse
1204 2683 1397 2728 confecit.
