1812 3083
549 521 1084 585 PRAEFATIO.

191 732 326 785 Quum
357 736 456 776 ante
485 731 628 787 plures
658 743 789 776 annos
834 730 932 774 fatis
974 728 1212 774 faventibus
1255 739 1349 771 cum
1388 728 1458 782 pie
1495 729 1568 772 de·

54 793 195 835 functo
227 793 407 835 Aucusro
429 790 638 832 Nmneicn
660 789 809 832 iisdem
830 787 980 833 studiis
1013 799 1218 841 vacarem,
1251 791 1295 830 et
1324 799 1401 841 pro
1434 788 1570 831 omni·

52 852 131 894 bus
152 850 243 893 eius
265 850 476 904 operibus,
497 860 604 902 quae
627 847 884 901 Hungariain
906 852 1035 903 atque
1059 846 1270 889 Oroatiam
1292 843 1573 900 spectassent,

52 909 232 952 maiores
264 907 467 950 materiae
499 907 807 960 conquirendae
838 911 982 960 partes
1013 905 1114 948 mihi
1156 904 1436 958 obtingerent,
1477 916 1570 958 per-

56 979 221 1010 svasum
253 965 355 1009 mihi
387 966 544 1008 habere
567 976 803 1019 coeperam,
823 964 1107 1008 necessarium
1128 963 1232 1015 fore,
1254 967 1302 1004 ut
1324 961 1454 1004 etiam
1477 974 1572 1017 spe·

52 1025 138 1069 cies
167 1025 407 1079 plantarum
440 1036 596 1076 earum,
628 1035 737 1077 quae
770 1024 961 1066 interris
994 1022 1234 1075 Hungariae
1276 1020 1568 1064 adiacentibus

51 1083 351 1136 invenirentur,
374 1086 694 1133 enumerentur;
726 1094 820 1124 nain
861 1082 940 1124 hac
983 1085 1148 1124 tantuin
1177 1079 1341 1122 ratione
1383 1078 1572 1123 futurum

54 1145 176 1192 esset,
196 1145 243 1184 ut
273 1153 333 1193 ea,
358 1152 466 1195 quae
498 1145 696 1194 respectu
728 1139 1145 1195 phyiogeographiae
1175 1136 1418 1191 Hungariae
1462 1137 1571 1181 scitu

53 1199 289 1243 necessaria
319 1203 428 1251 sunt,
461 1199 724 1241 edoceamur.

186 1257 421 1311 Praecipue
451 1258 494 1299 in
525 1268 576 1298 ea
607 1257 839 1310 colligenda
859 1257 1164 1308 incumbebam,
1181 1267 1288 1309 quae
1310 1258 1453 1298 essent
1466 1267 1568 1309 pro·

49 1316 142 1370 pria
173 1315 355 1358 Bosniae
386 1319 429 1357 ct
458 1315 803 1368 Hercegovinae;
835 1315 1042 1368 simulque
1072 1314 1116 1356 in
1145 1312 1425 1368 provinciase
1440 1317 1568 1367 parte

50 1373 243 1417 orientali
273 1374 436 1428 patriae
468 1376 636 1415 nostrae
668 1374 771 1416 silas
801 1373 984 1416 animuin
1017 1372 1246 1426 oculosque
1277 1372 1465 1415 intentos
1503 1376 1567 1415 te-

50 1432 215 1476 nebam.
1088 1430 1091 1432 ’

189 1489 309 1533 Haud
338 1502 471 1544 pauca
501 1494 671 1543 praesto
704 1490 803 1532 mihi
838 1494 956 1533 erant
999 1488 1253 1532 adminicula
1283 1489 1336 1532 ab
1378 1495 1570 1532 anteces-

49 1548 214 1592 soribus
243 1548 348 1592 meis
377 1548 653 1602 accumulata,
701 1562 723 1591 e
768 1548 919 1603 quibus
966 1561 1028 1602 ea,
1078 1558 1186 1602 quae
1230 1547 1283 1589 ad
1313 1558 1404 1590 rem
1434 1559 1570 1591 meam

52 1611 260 1660 spectant.
291 1607 436 1660 selegi.

185 1665 465 1719 Relationuin,
498 1677 610 1719 quae
640 1666 693 1708 ad
724 1666 969 1709 Romaniam
1000 1664 1204 1718 adtinent,
1226 1677 1378 1719 magna
1408 1677 1508 1720 pars
1527 1665 1572 1709 in

49 1735 177 1776 parvo
208 1722 406 1766 fasciculo
438 1725 625 1778 seposita
655 1724 748 1767 fuit.
781 1724 959 1767 Tardius
991 1723 1129 1767 omnia
1169 1723 1275 1766 haec
1307 1724 1572 1767 collectanea

47 1781 129 1824 iam
160 1781 339 1835 longiori
369 1782 451 1824 iam
480 1783 664 1826 breviori
708 1787 900 1836 tempore
932 1782 1215 1836 quiescebant.
1265 1780 1416 1835 Operis
1465 1782 1566 1826 Bos-

47 1840 169 1891 niam,
201 1839 544 1893 Hercegovinam,
566 1841 753 1884 Montein
785 1841 989 1884 Scodrum
1011 1843 1055 1883 et
1079 1840 1297 1882 Albaniam
1313 1840 1566 1884 illustrantis

47 1909 250 1940 summam
282 1909 374 1940 cuin
408 1899 656 1942 amicissimo
689 1900 734 1941 P.
766 1900 994 1941 Ascuensou
1026 1910 1133 1941 anno
1170 1901 1291 1941 1877.
1320 1899 1482 1953 publici
1500 1900 1567 1953 ju-

48 1956 106 1999 ris
138 1955 346 1999 fecimus.1

188 2014 430 2057 Relatioues
462 2015 513 2057 de
543 2015 644 2058 flora
676 2016 809 2070 Regni
841 2016 1068 2058 Romaniae
1092 2026 1280 2069 eousque
1306 2015 1403 2070 pari
1442 2015 1565 2060 modo

47 2071 331 2126 quiescebant,
363 2072 460 2115 dum
492 2074 533 2115 in
565 2074 643 2116 hac
687 2074 881 2117 orientali
919 2074 1085 2128 patriae
1128 2078 1251 2129 parte
1292 2075 1435 2117 sedem
1465 2072 1563 2129 fige-

46 2141 157 2182 rem3
190 2142 240 2172 ex
272 2141 352 2183 quo
385 2131 559 2174 multum
582 2145 674 2175 inea
695 2132 902 2176 interesse
935 2136 1142 2186 coeperat,
1164 2135 1212 2175 ut
1243 2132 1564 2186 Transsyivania

46 2192 173 2242 atque
205 2189 395 2242 regiones
430 2190 590 2232 vicinae
639 2191 950 2234 collustrentur.
996 2191 1103 2234 Nam
1145 2190 1489 2245 Transylvaniam
1519 2192 1563 2234 in

46 2249 136 2288 tota
159 2245 330 2289 Austria
346 2251 389 2289 et
406 2247 621 2300 Hungaria
652 2249 836 2291 eminere
867 2249 971 2292 flora
993 2261 1070 2292 sua
1099 2249 1226 2303 plane
1248 2249 1437 2302 speciali,
1456 2261 1566 2304 quae

47 2308 191 2346 curate
223 2304 400 2346 describi
435 2318 698 2360 summopere
728 2310 927 2359 meretur,
961 2320 1082 2350 nemo
1115 2307 1298 2360 dubitat,
1330 2307 1450 2350 cuius
1497 2308 1570 2350 ob-

46 2365 139 2403 tutu
170 2363 394 2405 recentiori
426 2367 617 2417 tempore
638 2365 780 2418 plures
801 2366 910 2409 serio
938 2365 1195 2419 laborarunt,
1212 2369 1261 2409 ut
1287 2363 1436 2409 floram
1456 2366 1567 2410 bene

46 2419 332 2463 concinnatam
368 2421 535 2464 habeat.

203 2510 326 2525 ᾳ-ρ.

190 2547 196 2565 “
221 2545 412 2589 Catalogus
440 2547 757 2593 Cormophytorum
783 2554 820 2585 et
843 2551 1157 2597 Authophytorum
1194 2549 1362 2595 Serbiae,
1389 2551 1564 2596 Bosniac,

43 2591 323 2637 Hercegov1nae,
346 2593 480 2628 Montis
505 2593 629 2630 Scodri
654 2599 691 2631 et
714 2597 890 2633 Albaniae
916 2597 1101 2642 hucusque
1127 2596 1358 2641 cognitorum
1382 2597 1562 2642 compila-

44 2642 171 2673 verunt
196 2638 356 2678 Pnunus
374 2642 614 2679 Ascnnusox
633 2645 671 2676 et
695 2643 907 2682 AUGUSTUS
934 2643 1090 2682 Kam'rz
1123 2642 1333 2685 (Mell‘iklet
1356 2653 1377 2679 a
1404 2643 1561 2690 Magyar

44 2683 268 2732 Novenytani
291 2686 515 2733 Lapokhoz).
541 2686 766 2735 Claudiopoli
796 2691 901 2726 1877.
927 2691 992 2726 108
1018 2700 1078 2736 pp.
1106 2691 1164 2726 8⁰.
