1812 3083
1544 144 1607 191 XI

95 274 174 320 hoc
203 272 413 319 difficilius
444 275 549 327 erit;
581 280 627 320 at
656 287 732 330 pro
747 276 812 320 his
843 287 924 319 non
954 274 1102 328 scripsi
1133 274 1214 319 hoc
1244 286 1362 329 opus,
1381 273 1494 329 quod
1511 285 1606 318 mea

96 334 290 388 opinione·
332 333 472 377 nihil
508 334 666 378 aliud
705 345 826 378 esse
866 337 1068 388 potest,
1110 344 1268 387 quam
1318 336 1605 378 tentamen

97 404 296 435 summa
337 404 449 435 cum
496 393 758 436 cautione
804 392 1155 436 elaboratum
1201 396 1254 435 et
1293 391 1458 434 forte
1498 403 1604 446 pro

96 450 452 494 fundamento
481 451 670 503 studii,
705 452 757 494 in
799 463 983 494 omnes
1015 454 1206 502 partes
1249 449 1478 492 extensi
1524 462 1604 492 ac-

97 509 314 564 ceptari
345 509 551 561 valens,
583 510 743 552 cuius
774 512 952 552 tamen
983 509 1195 563 singula
1225 511 1443 562 puncta,
1482 520 1605 562 pau-

96 566 172 610 cis
203 567 462 621 exceptis,
493 568 768 620 varianda,
801 567 1081 622 explenda,
1113 567 1366 620 augenda
1406 570 1605 610 essent.

233 647 314 699 Qui
343 649 496 692 librum
526 649 637 704 typis
667 648 849 702 imprimi
880 647 1054 699 curavit,
1088 651 1202 691 certo
1234 649 1351 699 sciet,
1384 659 1509 703 quam
1539 649 1603 692 fa-

94 706 173 750 cile
202 705 341 750 fatalis
369 719 496 758 saepe
526 719 644 750 error
673 708 844 761 irrepat,
873 706 971 749 dum
1010 706 1092 749 iam
1128 705 1276 749 ultima
1321 708 1439 761 operi
1471 708 1604 754 corri-

92 764 227 820 gendo
258 765 357 808 lima
402 765 546 809 addita
575 769 653 820 est,
695 769 739 809 et
778 768 919 808 textus
962 764 1126 818 prelum
1157 764 1284 808 subit.
1325 765 1374 808 In
1405 767 1604 819 operibus

93 823 404 876 enumerativis,
433 824 477 868 in
517 824 670 878 quibus
710 835 912 867 erroneus
957 823 1050 878 quis
1093 834 1292 866 numerus
1331 836 1502 868 currens
1550 836 1600 868 ex

90 881 311 936 typotheta
338 882 470 927 invito
511 886 793 926 correctorem
832 880 946 933 facit,
983 881 1105 924 facile
1146 881 1363 936 contingit,
1394 887 1443 926 ut
1473 882 1601 926 etiarn

89 940 163 985 illa
191 940 337 994 planta
365 953 583 985 numerum
608 940 800 994 accipiat,
826 939 895 982 cui
919 939 1110 994 accipere
1133 939 1249 983 nefas
1271 943 1395 984 esset.

225 1021 344 1065 Haec
374 1025 417 1066 et
446 1022 513 1066 his
543 1022 695 1065 similia
725 1021 960 1076 sphalmata
989 1021 1032 1064 in
1063 1020 1371 1064 Additamentis
1413 1025 1457 1066 et
1494 1022 1597 1066 Cor·

88 1080 273 1135 rigendis
302 1080 525 1124 emendare
547 1081 739 1131 conabar,
754 1080 828 1123 sed
847 1093 930 1123 non
961 1091 1126 1133 semper
1147 1091 1240 1122 cum
1258 1091 1468 1124 successu.
1482 1079 1604 1132 Quod

89 1142 231 1182 tamen
259 1151 343 1183 non
374 1144 438 1183 est
468 1139 625 1194 grande
655 1138 822 1192 malum,
853 1151 950 1181 nam
981 1150 1099 1181 error
1128 1139 1320 1181 manibus
1340 1139 1504 1193 peritis,
1525 1139 1605 1183 hoc

89 1200 182 1241 tuto
212 1201 373 1252 repeto,
404 1198 564 1252 absque
594 1195 844 1241 difficultate
876 1196 1029 1250 corrigi
1061 1196 1228 1250 poterit.

227 1266 489 1322 Singularem
519 1267 562 1310 in
582 1267 750 1310 modum
766 1267 1070 1309 enunciandum
1087 1265 1200 1318 mihi,
1217 1266 1352 1320 video,
1369 1266 1450 1310 hoc
1465 1280 1604 1311 meum

89 1338 206 1380 opus,
237 1329 371 1370 totam
410 1325 655 1370 Romaniam
694 1338 743 1368 ea
785 1326 1042 1376 extensione,
1084 1325 1202 1368 cuius
1244 1338 1354 1368 nunc
1384 1329 1461 1379 est,
1494 1339 1603 1370 com-

87 1385 290 1438 plectens,
320 1383 456 1428 nullas
485 1383 712 1427 relationes
743 1395 794 1426 ex
822 1396 931 1426 anno
968 1386 1072 1425 1881
1109 1383 1338 1434 continere,
1369 1395 1499 1438 quum
1521 1385 1604 1428 iam

87 1442 131 1486 in
159 1440 242 1486 fine
271 1443 426 1486 mensis
455 1441 647 1486 Januarii
676 1441 774 1485 anni
810 1444 913 1484 1881
939 1465 996 1472 --
1016 1445 1191 1495 excepto
1213 1442 1383 1486 exordio
1404 1467 1461 1473 —
1483 1455 1603 1495 para·

86 1504 188 1553 tum,
220 1504 265 1545 et
292 1501 404 1556 typis
435 1512 633 1544 excusum
663 1499 804 1542 fuerit.
838 1499 1067 1553 Cupiebam
1098 1500 1180 1543 isto
1211 1500 1345 1543 maius
1387 1501 1604 1545 exordium

85 1559 284 1610 scribere,
314 1560 358 1602 in
387 1570 470 1614 quo
500 1558 750 1612 praesertim
781 1558 834 1601 de
864 1558 1250 1613 phytogeographia
1280 1560 1480 1602 nonnulla
1509 1560 1596 1603 dic·

89 1621 233 1662 cturus
263 1617 436 1661 fuissem
459 1640 509 1648 —
533 1629 611 1660 nec
639 1628 749 1660 nunc
779 1616 958 1660 fortasse
997 1616 1041 1659 in
1071 1621 1237 1670 tempus
1276 1617 1406 1661 nimie
1445 1618 1605 1672 longin-

89 1687 217 1731 quum
247 1676 378 1718 dilata
402 1700 452 1707 -
475 1675 561 1728 sed,
583 1679 672 1718 tum
688 1675 742 1728 id,
760 1675 872 1729 quod
903 1687 1007 1729 opus
1037 1674 1151 1718 istud
1177 1675 1311 1729 magis
1342 1680 1515 1722 auctum
1536 1678 1605 1730 sit,

90 1745 215 1788 quam
244 1733 346 1776 mihi
374 1745 688 1789 proposueram,
710 1737 800 1776 tum
830 1733 1036 1787 plurimae
1061 1734 1359 1786 occupationes
1389 1735 1603 1789 graviores

87 1803 196 1846 quae
226 1790 394 1835 isthunc
423 1805 561 1835 meum
590 1793 778 1835 laborem
793 1791 1185 1847 procrastinassent,
1203 1804 1268 1835 me
1292 1797 1533 1849 coegerunt,
1555 1797 1604 1838 ut

87 1850 207 1905 operi
236 1849 406 1893 tandem
437 1849 560 1894 finem
589 1850 846 1904 inponerem.

222 1930 451 1986 Tamquam
497 1944 682 1975 errorem
727 1931 829 1974 mihi
858 1930 1010 1985 aliquis
1041 1932 1276 1986 imputavit,
1297 1933 1409 1987 quod
1430 1933 1602 1977 Addita·

83 1992 226 2033 menta
255 1993 301 2033 et
331 1990 589 2044 Corrigenda
636 1989 850 2043 ediderim,
877 2001 1005 2044 quum
1036 1990 1173 2044 ipsum
1217 2003 1324 2044 opus
1365 1991 1502 2035 adhuc
1531 1992 1599 2035 vix

86 2048 236 2092 fuisset
266 2051 472 2102 paratum.
507 2047 587 2099 Qui
619 2048 762 2102 aliqua
796 2052 960 2091 tantum
987 2049 1221 2092 attentione
1241 2053 1492 2103 prosecutus
1523 2054 1602 2104 est,

85 2106 292 2162 quomodo
323 2106 402 2150 hoc
433 2119 538 2160 opus
587 2107 629 2149 in
661 2107 873 2158 publicum
914 2106 1158 2160 prodiverit,
1200 2110 1309 2151 scire
1340 2108 1482 2156 debet.
1513 2108 1599 2162 pri-

86 2177 200 2207 mum
234 2164 325 2207 eius
354 2164 598 2208 fasciculum
628 2178 770 2208 mense
800 2164 1025 2208 Decembri
1057 2178 1094 2207 a.
1131 2168 1237 2208 1879
1270 2166 1407 2210 lucem
1437 2165 1602 2219 vidisse,

85 2223 269 2276 reliquas
284 2234 384 2266 vero
401 2222 592 2277 plagulas
624 2227 720 2276 post
735 2235 885 2277 magna
915 2226 1080 2266 tantum
1096 2224 1297 2277 temporis
1314 2225 1452 2278 spatia
1471 2224 1602 2269 fuisse

84 2281 301 2324 adiunctas
347 2281 627 2335 Ephemeridi‚
673 2293 779 2336 quae
820 2281 1047 2336 hungarice
1091 2282 1289 2337 „Magyar
1334 2282 1599 2338 Novenytani

84 2338 256 2394 Lap0k“
279 2342 292 2366 1
333 2339 498 2383 dicitur.
530 2339 759 2383 Persvasus
792 2352 905 2383 eram
936 2340 1115 2394 primum
1146 2340 1389 2385 fasciculum
1420 2342 1472 2385 ad
1513 2341 1600 2385 ani·

232 2501 239 2520 ¹
266 2511 300 2545 p.
331 2502 443 2537 1-76
467 2511 590 2538 mense
615 2502 814 2538 Decembre
841 2503 940 2545 1879,
975 2513 1009 2548 p.
1036 2503 1173 2538 77—92
1200 2512 1322 2538 mense
1354 2502 1464 2538 sunio
1499 2503 1597 2542 1880,

86 2557 121 2592 p.
147 2548 308 2582 93—124
333 2557 455 2582 meuse
478 2548 577 2584 Julio
604 2550 705 2593 1880,
730 2561 764 2594 p.
783 2550 964 2584 125—140
989 2559 1111 2585 mense
1130 2549 1340 2594 Septembre
1360 2550 1462 2593 1880,
1488 2550 1595 2593 p.141

88 2595 201 2628 —172
227 2603 346 2629 mense
372 2593 573 2630 Novembre
600 2597 699 2638 1880,
722 2607 758 2640 p.
789 2597 970 2632 173-204
994 2605 1117 2632 mense
1141 2596 1340 2632 Decembre
1359 2596 1459 2639 1880,
1485 2605 1519 2639 p.
1530 2597 1597 2630 205

86 2642 201 2675 —220
226 2650 348 2675 mense
373 2639 570 2676 Februario
598 2643 698 2686 1881,
724 2653 757 2687 p.
779 2644 963 2678 221—252
989 2653 1109 2677 mense
1135 2642 1253 2688 Aprili
1288 2643 1388 2686 1881,
1421 2652 1455 2686 p.
1483 2642 1597 2675 261—-

85 2687 152 2721 268
176 2696 297 2723 mense
323 2685 588 2732 Octobrelsssl,
615 2689 842 2731 p.253—-260
866 2698 988 2725 mense
1012 2688 1214 2726 Novembre
1238 2690 1339 2735 1881,
1357 2686 1594 2737 p.1-XXIII.

84 2742 206 2770 mense
232 2732 429 2769 Decembre
456 2734 555 2780 1881,
581 2733 700 2771 editae
723 2734 880 2771 fuerunt.
