1812 3083
1496 115 1556 160 IX

49 248 94 292 in
121 246 334 303 publicum
373 246 568 302 prodivit,
609 258 733 303 quam
772 248 822 291 cl.
849 247 1056 290 Baianus
1096 245 1357 299 Prodmmul,
1398 245 1442 289 in
1474 243 1556 300 quo

51 309 187 351 totum
218 306 459 350 Gusauannii
489 307 816 361 manuscriptum
837 307 947 361 typis
976 306 1224 359 impressum
1253 304 1446 359 habetur,
1478 305 1557 358 ego

53 365 97 408 in
126 368 217 409 toto
249 377 375 419 opere
405 377 497 408 meo
529 366 757 419 exemplari
786 364 1070 418 manuscripto
1102 364 1263 406 utebar.

191 420 444 466 Perdiffieile
474 423 574 465 mihi
604 423 685 467 fuit
718 427 913 477 respectu
942 423 1191 477 plantarum,
1209 420 1419 464 infinibus
1439 420 1560 475 regni

53 481 362 525 occurrentium
401 481 583 535 aliquam
622 483 800 526 mediam
832 482 951 535 sequi
980 481 1089 524 viam
1110 484 1135 531 1,
1168 485 1211 522 et
1241 480 1342 523 licet
1372 492 1559 523 nonnun-

52 551 176 594 quam
205 538 391 583 fortasse
423 541 549 582 etiam
580 541 735 595 planta,
748 551 855 594 quae
888 540 1129 593 Hungariae
1158 539 1329 593 propria
1361 541 1487 591 esset,
1518 537 1561 581 in

52 609 156 652 opus
186 610 324 640 meum
365 597 597 652 irrepserit,
638 599 717 642 hcc
749 603 889 642 tamen
929 598 1061 641 vitare
1103 598 1296 641 conabar.
1336 596 1451 640 Fieri
1480 607 1560 651 po·

49 660 146 709 test,
176 667 244 700 me
274 656 352 700 hac
383 656 426 700 in
469 670 515 701 re
554 669 846 713 nonnunquam
887 657 1087 701 iniustum
1129 655 1268 700 fuisse.
1297 654 1557 699 Praesertim

194 796 309 832 ¹Duo
342 800 570 832 recensentes
608 796 728 842 operis
760 797 828 833 mei
863 796 996 843 optime
1035 796 1293 842 demonstrant,
1327 804 1432 840 quam
1464 792 1559 830 diffi-

50 842 118 878 cile
143 842 203 889 sit,
226 842 389 878 omnibus
415 843 652 879 statisfacere.

187 889 268 926 Sint
291 889 349 925 hic
373 899 495 925 eorum
520 890 736 926 sententiae:
749 889 859 935 „D·lu
883 889 944 925 Dr.
959 889 1156 928 BRANDZA
1169 889 1247 924 face
1261 898 1282 923 o
1296 888 1384 924 dare
1398 887 1442 923 de
1459 896 1558 923 sema

50 935 181 981 despre
205 939 309 982 parte
333 936 391 972 1-a
413 936 675 981 publicatiiunii
700 937 792 972 d-lui
823 938 867 974 A.
892 937 1061 974 Rarum:
1088 936 1239 971 Plantae
1264 934 1462 971 Romaniae
1487 934 1552 969 hu·

47 992 181 1027 cusque
205 982 383 1027 cognitae,
401 992 483 1018 care
508 983 679 1028 copriude
705 983 822 1018 dintre
846 983 1006 1030 plantele
1030 981 1270 1018 thalamiflore
1288 981 1332 1017 sii
1347 979 1553 1027 calyciflore

50 1030 138 1064 1076
165 1030 289 1074 specii.
314 1033 455 1065 aratate
479 1038 522 1065 ca
549 1029 746 1065 crescenda
785 1030 821 1064 in
859 1029 1036 1066 Romania
1079 1029 1176 1073 (iupa
1203 1028 1464 1064 indicatiiunile
1503 1027 1555 1062 lui

49 1076 216 1160 gzifflx,
242 1075 382 1122 SZABO,
405 1075 529 1121 Enna,
555 1076 792 1122 GUEBHARD,
816 1077 1036 1121 Lssvmnm,
1062 1077 1101 1111 A.
1131 1076 1289 1114 SCHOTT
1312 1075 1357 1111 sii
1381 1075 1439 1111 ale
1457 1073 1558 1109 D-lui

80 1133 256 1161 Bannzn.

186 1168 237 1204 Pe
263 1167 371 1213 langa
395 1172 528 1215 aceste‚
554 1170 767 1215 opuscululu
793 1169 885 1205 d-lui
911 1169 1078 1214 ΚΑΝῙΤΖ,
1108 1169 1177 1204 mai
1215 1168 1390 1214 cuprinde
1414 1170 1558 1203 cate-va

50 1215 176 1261 specii,
199 1219 338 1251 aratate
363 1214 460 1260 dupa
485 1216 672 1252 indicarile
695 1217 744 1252 lui
772 1217 922 1260 Scfltm,
956 1218 1106 1261 Jnm,
1132 1221 1199 1251 etc.
1235 1215 1402 1259 (aliorum
1436 1216 1559 1249 aucto·

49 1273 128 1298 rum
152 1262 297 1297 nomina
322 1261 531 1298 abbreviata
563 1263 625 1298 illo
660 1267 820 1308 tempore
853 1275 923 1298 non
950 1263 1096 1297 fuerunt
1127 1261 1343 1307 explicatam
1381 1270 1424 1297 ea
1462 1269 1560 1295 cres-

49 1307 164 1344 cendu
189 1318 235 1352 pe
261 1307 473 1346 fruntariele
497 1309 627 1355 despre
661 1309 912 1345 Transilvania
946 1309 990 1343 sii
1016 1310 1156 1344 Banatu
1189 1308 1328 1351 (Schitu
1351 1307 1388 1343 la
1419 1306 1557 1342 Jalom-

49 1356 136 1400 nita,
161 1353 382 1399 Virciorova‚
407 1355 556 1391 Ploiesti
582 1361 650 1391 etc.
675 1362 743 1391 etc.
768 1357 838 1392 iam
863 1357 899 1391 in
924 1355 957 1391 R
972 1356 1174 1399 ·mania‘?l›‚
1190 1365 1336 1399 precum
1353 1354 1398 1390 sii
1415 1357 1559 1389 cate-va

49 1401 134 1438 date
158 1401 323 1437 botanice
349 1401 480 1447 despre
504 1402 706 1447 Dobrogea.
732 1402 835 1438 D-lui
867 1403 1064 1440 BRANDZA
1091 1406 1193 1438 arata
1218 1412 1271 1446 ea,
1298 1402 1342 1437 de
1367 1400 1413 1436 sii
1438 1399 1557 1446 publi-

49 1448 215 1484 catiunea
247 1448 339 1484 d-lui
377 1448 531 1486 KAxi'rz
566 1459 616 1485 nu
647 1449 820 1494 coprinde
853 1449 1111 1486 observatiiuni
1146 1448 1337 1492 personale
1374 1445 1433 1492 (cf.
1463 1445 1558 1482 infra

49 1495 160 1540 sign!
189 1498 225 1529 et
247 1495 320 1529 litt.
342 1496 382 1530 Κ.
409 1495 518 1540 expl.)
545 1496 589 1530 sii
614 1506 662 1531 nu
687 1501 763 1531 este
788 1496 979 1540 completa,
1004 1495 1204 1530 nefacendu
1232 1495 1303 1529 nici
1323 1494 1554 1530 omentiiune

49 1542 93 1577 de
116 1541 407 1577 observatiiunile
433 1542 482 1577 lui
508 1541 739 1580 HOFFMANN
766 1542 824 1585 (cf.
848 1542 943 1577 infra
968 1542 1038 1578 litt.
1063 1541 1109 1577 Η.
1124 1541 1245 1584 estol),
1263 1541 1307 1576 sii
1331 1539 1559 1586 altii(qui?),

48 1588 96 1623 ba
119 1599 167 1623 nu
191 1591 268 1623 este
293 1588 363 1623 uici
390 1598 434 1622 cu
458 1588 575 1624 totulu
598 1599 693 1624 noua
727 1588 841 1624 fiindu
872 1588 1024 1632 analoga
1058 1599 1101 1623 cu
1134 1587 1438 1623 introductiiunea
1467 1587 1552 1622 Pro-

49 1633 226 1670 dromului
250 1633 372 1670 Florei
397 1634 557 1670 Romane
583 1635 627 1670 de
652 1635 848 1673 BRANDZA
875 1636 974 1681 (post
998 1634 1146 1670 Plantas
1173 1634 1365 1670 Romaniae
1392 1634 1418 1669 I.
1437 1632 1553 1677 editi),

49 1691 93 1716 cu
105 1682 180 1716 tote
195 1683 297 1716 astea
305 1684 380 1716 este
397 1691 418 1716 ο
435 1681 702 1726 compilatiiune
716 1682 897 1717 laboriosa
909 1682 939 1717 si
949 1682 1206 1717 interesanta.“
1235 1678 1560 1716 Procesu-verbalu

48 1727 106 1763 No
131 1728 188 1761 30.
215 1727 376 1763 Sedintia
412 1728 595 1763 ordinaria
635 1729 790 1773 publica.
843 1728 968 1763 Vineri
1006 1731 1039 1763 7.
1065 1728 1193 1763 Martie
1221 1729 1321 1763 1880.
1346 1728 1384 1762 in
1407 1725 1560 1763 Analele

48 1773 253 1809 Academiei
278 1773 448 1810 Romane.
475 1774 575 1809 Serie
598 1776 641 1811 Il.
671 1775 824 1810 Tomulu
848 1775 894 1810 11.
927 1774 1102 1811 sedintele
1129 1775 1298 1809 ordinare
1338 1774 1400 1809 din
1422 1773 1557 1809 1879--

48 1821 94 1855 80
118 1820 162 1855 sii
187 1820 356 1855 sesiunea
381 1821 551 1864 generala
576 1831 597 1857 a
621 1821 744 1857 anului
774 1822 872 1857 1880.
899 1821 1088 1856 Sectiunea
1114 1822 1138 1856 I.
1165 1821 1299 1856 Par-tea
1323 1819 1553 1857 administra·

48 1867 122 1902 tiva
145 1866 190 1902 sii
215 1866 444 1902 desbaterile.
472 1868 665 1904 Bucuresci
689 1867 896 1914 Tipografia
920 1868 1128 1903 Academiei
1155 1870 1311 1903 Romane
1338 1878 1373 1912 p.
1403 1868 1459 1902 79.

142 1923 240 1969 „Refi
251 1924 409 1968 beweist‚
424 1925 507 1960 dass
522 1926 620 1961 diese
635 1926 961 1970 Quellenschriften
974 1926 1039 1970 (ita
1053 1937 1084 1959 vi
1096 1936 1148 1970 ro,
1165 1936 1285 1960 omnes
1298 1925 1415 1961 fontes
1425 1925 1482 1968 ‘??)
1493 1933 1560 1958 von

48 1973 90 2007 Α.
116 1971 271 2008 ΚΑΝΙΤΖ
295 1971 332 2005 in
357 1971 480 2006 seinen
508 1971 679 2014 „Plantae
706 1972 900 2008 Romaniae
927 1974 1110 2016 hueusque
1143 1972 1327 2016 cognitae“
1354 1972 1485 2007 nicht
1510 1970 1559 2005 in

46 2019 148 2056 ihrer
172 2017 430 2054 Gesammtheit
457 2018 648 2053 benutzt
672 2018 818 2054 wurden
838 2019 911 2054 und
937 2019 1100 2062 billigt
1124 2019 1388 2063 iiberhaupt
1421 2017 1561 2054 nicht

48 2065 158 2101 dass
184 2063 342 2101 KANITZ
369 2064 442 2099 die
473 2064 615 2101 Flora
649 2066 891 2100 mehrerer
923 2064 1562 2109 ungarisoh-wallaohischer

47 2113 186 2154 (versus
214 2110 431 2146 Moldaviam
460 2114 495 2145 13.
532 2122 601 2147 non
635 2111 781 2156 collegit
805 2112 963 2157 plantas)
1000 2111 1303 2156 Grenzalpen
1327 2111 1456 2147 nicht
1482 2111 1558 2146 be-

46 2156 385 2201 rficksichtigt‚
413 2158 459 2192 da
486 2157 577 2193 doch
602 2158 740 2193 hierfur
768 2159 934 2202 Beitrage
959 2159 995 2193 in
1022 2158 1090 2193 den
1118 2159 1357 2201 angesuhrten
1382 2157 1556 2194 Arbeiten

50 2207 100 2246 (et
124 2203 234 2238 etiam
258 2203 294 2238 in
318 2203 438 2238 multis
454 2204 534 2239 aliis
560 2205 821 2249 antiquioribus
847 2205 1029 2250 operibus)
1044 2216 1088 2239 zu
1101 2204 1222 2240 finden
1243 2205 1377 2240 seien.“
1396 2204 1557 2242 BORBAS

46 2251 83 2285 in
118 2249 353 2285 Botanisches
393 2250 634 2286 Centralblatt
665 2250 758 2288 VIII.
800 2251 901 2287 Band
934 2263 968 2296 p.
1009 2253 1202 2286 213—214.
1253 2251 1324 2286 Sed
1360 2249 1404 2286 cf.
1448 2251 1556 2286 etiam

48 2298 205 2336 BoaBAs
225 2296 262 2331 iu
297 2295 625 2333 Oesterreichische
656 2297 867 2333 botanische
894 2297 1106 2333 zeitschrift
1127 2297 1240 2333 XXV.
1266 2299 1389 2344 (1875)
1415 2308 1449 2342 p.
1477 2298 1555 2331 207.

48 2348 84 2379 et
108 2344 268 2382 Bonnas
289 2342 325 2377 in
350 2342 586 2379 Botanischer
609 2343 882 2380 Jahresbericht
904 2345 968 2380 111.
999 2344 1118 2391 (1875)
1146 2345 1268 2381 Berlin
1300 2346 1387 2380 1877
1414 2355 1448 2389 p.
1474 2344 1558 2378 714.

182 2389 285 2424 Alter
311 2398 395 2432 ergo
420 2390 576 2426 affirmat
603 2390 733 2426 multas
762 2391 958 2426 relationes
974 2402 1046 2427 non
1071 2391 1235 2426 adtinere
1252 2391 1299 2427 ad
1324 2390 1558 2432 Romaniam3

45 2436 115 2471 iam
138 2445 237 2481 vero,
262 2436 292 2470 si
317 2435 477 2472 chartam
516 2438 793 2482 geographicam
825 2439 1021 2482 aspexerit,
1052 2437 1187 2474 videbit
1224 2438 1432 2482 relationes,
1459 2445 1548 2480 quas

46 2486 236 2528 acceptare
263 2485 417 2527 recusat,
444 2493 565 2518 omnes
591 2488 688 2519 recte
715 2484 802 2519 illuc
827 2485 1022 2528 pertinere.

183 2528 287 2564 Alter
310 2538 393 2564 vero
417 2528 506 2565 fines
532 2530 737 2571 Hungariae
752 2540 892 2575 quoque
906 2531 1039 2567 assumi
1054 2531 1236 2576 voluisset,
1257 2535 1295 2567 at
1314 2540 1398 2566 vero
1416 2530 1484 2564 hac
1515 2527 1551 2562 in

47 2577 151 2620 parte
166 2575 199 2610 ei
220 2575 429 2611 satisfacere
449 2586 493 2611 ne
503 2580 586 2611 tunc
603 2577 746 2621 quidem
775 2577 1030 2622 potui,sifines
1056 2578 1277 2621 dilatassem‚
1295 2588 1378 2613 nam
1402 2581 1439 2611 et
1465 2578 1548 2610 tunc

46 2621 100 2656 illi
123 2625 287 2657 auctores
312 2621 415 2666 primi
441 2622 574 2658 citandi
597 2624 761 2668 fuissent,
789 2623 885 2669 apud
912 2634 1001 2670 quos
1028 2624 1150 2670 aliqua
1174 2625 1302 2660 relatio
1319 2623 1472 2670 primum
1487 2630 1547 2655 oc-

49 2667 170 2703 currit.
202 2667 311 2750 ssuod
346 2668 376 2704 si
401 2668 493 2705 iuste
529 2669 704 2715 fecissem,
729 2670 807 2716 ipse
842 2680 913 2706 non
950 2674 1022 2707 tam
1057 2670 1266 2717 frequenter
1303 2669 1548 2708 nominaretur

51 2723 155 2760 quam
180 2723 253 2751 au.
