1812 3083
236 117 296 163 VI

378 248 550 303 Sprcies
587 245 823 290 minutatim
862 242 1093 296 diffindere,
1126 242 1188 285 uti
1220 242 1268 285 cl.
1292 240 1420 285 Scuun
1449 241 1622 295 fecerat,
1652 239 1747 296 prti-

238 307 328 351 bari
359 308 525 361 nequit3
559 309 602 348 et
631 303 991 359 perturbationem
1020 313 1162 344 rerum
1206 300 1285 343 hac
1314 299 1367 343 de
1402 312 1527 344 causa
1556 303 1745 344 exortam

237 366 454 409 delendam
477 376 580 408 esse.
599 363 724 405 dubio
751 367 892 413 caret;
921 365 997 409 ast,
1013 365 1155 402 utrum
1175 358 1266 412 hoc,
1283 358 1604 413 per-ponderatis
1623 369 1745 413 prae-

240 425 373 479 ceptis
394 424 447 466 ad
461 422 794 465 emendationem
815 418 1112 473 spectantibus
1131 429 1239 471 quae
1259 421 1358 460 ante
1389 417 1528 461 omnia
1557 416 1607 460 cl.
1627 416 1674 459 V.
1697 429 1745 457 m:

238 483 361 526 ἄμμ
390 481 680 533 nonnullisque
723 479 815 520 aliis
846 481 1018 530 accepta
1065 475 1296 527 referimus,
1330 475 1480 518 evitari
1512 478 1654 529 queat,
1693 473 1746 517 de

241 541 320 584 hac
350 553 396 582 re
427 551 575 591 magna
605 536 794 591 profecto
826 537 937 578 inter
967 547 1088 577 veros
1124 533 1325 587 „Florae“
1360 533 1544 577 cultores
1590 533 1747 576 dissen-

241 599 301 642 sio
335 610 422 640 esse
461 602 624 651 potest;
653 620 707 626 ——
737 593 906 648 plurimi
937 597 1077 635 tamen
1107 592 1192 634 fors
1233 591 1354 634 nobis
1393 591 1606 635 assensuri
1636 594 1747 643 sunt,

242 669 333 699 esse
366 654 685 709 Transylvaniae
716 652 859 696 floram
881 651 967 694 fere
1003 650 1149 693 critice
1181 650 1452 704 e'aboratam,
1489 649 1749 703 Hungariam

240 719 379 757 tamen
409 719 579 768 praeter
608 712 760 755 nudam
790 711 1026 764 plantarum
1057 709 1426 757 enumerationem,
1458 711 1503 752 et
1532 707 1631 752 hinc
1653 707 1749 750 inde·

242 774 393 816 librum
424 772 616 826 aliquem,
649 769 720 824 qui
752 769 930 823 cuipiam
960 767 1116 811 auxilio
1149 779 1240 810 esse
1269 767 1416 822 possit,
1437 766 1506 810 vix
1534 764 1650 809 aliud
1678 765 1750 809 ha-

247 832 360 874 bere.

380 887 561 931 Simulac
602 886 826 940 Catalogus
871 884 1249 940 Cormophytorum
1291 888 1335 928 et
1380 882 1748 938 Anthophytorum

243 946 436 996 Serbiae,
483 946 660 989 Bosniae
702 949 779 987 ect.
822 947 995 998 paratus
1043 948 1156 998 erat,
1196 943 1295 986 huic
1335 941 1515 986 similem
1559 941 1749 984 libellum

242 1006 367 1048 etiam
397 1017 474 1058 pro
515 1003 715 1047 Romania
757 1002 971 1045 elaborare
1012 1002 1113 1044 mihi
1155 1002 1369 1056 proposui,
1409 1001 1453 1044 in
1495 1011 1577 1055 quo
1607 1003 1751 1043 tamen

244 1062 500 1106 conficiendo
532 1062 761 1116 exiguitate
792 1061 866 1105 otii
898 1060 1003 1103 adeo
1035 1060 1234 1103 adversus
1265 1071 1430 1103 omnem
1452 1062 1648 1102 conatum
1673 1058 1749 1100 im-

242 1121 455 1174 pediebar,
485 1125 533 1164 ut
552 1133 630 1174 per
658 1120 801 1174 plures
821 1131 984 1161 menses
1014 1119 1117 1161 nihil
1147 1118 1340 1161 laborare
1361 1117 1584 1173 potuerim.
1609 1115 1748 1168 Quum

241 1180 336 1222 dein
369 1179 592 1232 Catalogus
621 1179 860 1232 mimarum
903 1177 1078 1219 istarum
1116 1177 1347 1220 instructus
1377 1176 1471 1226 fuit,
1501 1174 1628 1230 paulo
1657 1178 1750 1218 tan·

241 1242 329 1281 tum
361 1237 586 1280 maioribus
618 1238 810 1291 expensis
841 1235 940 1278 mihi
973 1235 1146 1278 videbar
1175 1235 1304 1278 etiam
1332 1235 1427 1278 loca
1455 1232 1615 1278 natalia
1643 1244 1753 1278 com-

241 1296 454 1339 municare
483 1307 619 1349 posse.
643 1319 695 1325 —
719 1294 787 1337 Sic
819 1297 884 1336 est
915 1297 1131 1336 exaratum
1162 1293 1243 1338 hoc
1273 1306 1390 1348 opus.

378 1353 513 1405 Ratio,
544 1364 625 1407 qua
655 1352 817 1405 utebar,
864 1355 928 1395 est
959 1352 1107 1395 eadem
1151 1364 1245 1395 cum
1275 1350 1601 1402 Neilreichiana,
1629 1360 1755 1405 quam

241 1410 465 1455 defendere
494 1411 691 1454 hocloco
721 1423 860 1453 meum
891 1421 984 1452 esse
1015 1423 1099 1453 non
1127 1414 1295 1464 potest;
1324 1410 1400 1453 sed
1430 1410 1508 1453 hoc
1528 1408 1640 1452 idem
1660 1407 1752 1451 edi-

242 1470 417 1513 cendum
448 1470 548 1511 mihi
579 1470 756 1523 videtur,
772 1481 824 1511 ne
856 1480 978 1512 secus
1000 1481 1105 1523 opus
1135 1470 1216 1512 hoc
1247 1468 1504 1512 contrarium
1545 1465 1753 1511 sentiendi

244 1540 387 1571 ansam
415 1528 631 1582 praebeat.

380 1586 544 1629 Etenim
578 1585 680 1629 talia
711 1598 840 1639 opera
871 1586 1170 1639 enumerativa,
1202 1598 1310 1641 quae
1340 1585 1496 1641 partim
1527 1585 1579 1629 ob
1611 1584 1748 1628 fontes

241 1659 323 1689 non
353 1646 454 1688 satis
483 1649 619 1687 certos
653 1644 796 1687 critice
824 1645 1040 1688 elaborata
1071 1657 1162 1687 esse
1194 1657 1277 1688 non
1297 1649 1486 1699 possunt,
1508 1643 1583 1687 sed
1615 1642 1748 1694 potis-

239 1704 387 1748 simum
418 1702 686 1745 fundamento
718 1706 833 1753 sunt,
864 1704 981 1745 cuius
1013 1716 1092 1757 ope
1121 1703 1219 1745 olim
1249 1704 1476 1746 relationes
1508 1701 1746 1745 eruditione

239 1767 381 1815 partas
412 1763 723 1809 constituamus,
756 1773 848 1803 mea
878 1761 1072 1815 opinione
1102 1761 1161 1804 ita
1194 1761 1401 1804 exaranda
1430 1765 1540 1813 sunt,
1552 1764 1600 1803 ut
1621 1760 1751 1803 etiam

240 1819 397 1864 formae
425 1820 691 1873 perexiguae,
721 1819 764 1861 in
794 1824 995 1874 quantum
1026 1820 1116 1863 eius
1148 1819 1238 1863 fieri
1269 1824 1424 1876 potest,
1452 1819 1680 1875 separatim
1711 1817 1756 1860 in

250 1878 345 1922 luce
375 1882 595 1932 ponantur,
636 1890 871 1932 sinonyma.
920 1882 1063 1921 autem
1107 1890 1206 1921 vera
1251 1891 1478 1933 synonyma
1517 1878 1615 1921 sint.
1664 1874 1756 1927 Quo

242 1948 292 1978 ex
323 1937 473 1979 obtutu
505 1935 714 1988 digredior
745 1947 770 1977 a
803 1936 982 1979 laudatis
1012 1935 1249 1978 Nsitnfflcmi
1280 1938 1492 1990 operibus,
1523 1936 1567 1979 in
1599 1934 1752 1988 quibus

244 2006 327 2036 non
359 1998 520 2036 tantum
550 1994 720 2046 formae,
738 1994 812 2036 sed
840 1995 967 2038 etiam
996 1997 1228 2038 varietates
1258 1995 1480 2049 notabiles,
1510 1993 1625 2037 haud
1656 2003 1753 2036 raro

245 2055 457 2105 tamquam
489 2064 712 2106 synonyma
756 2053 992 2107 specierum
1032 2055 1216 2096 citantur
1256 2058 1385 2108 atque
1428 2053 1510 2097 hoc
1538 2050 1660 2095 modo
1691 2054 1753 2094 te·

241 2110 440 2152 nuissima
470 2110 542 2152 illa
581 2110 831 2163 discrimina,
874 2123 982 2165 quae
1023 2110 1175 2156 finibus
1214 2111 1425 2156 floristicis
1468 2111 1645 2155 maxime
1675 2120 1750 2152 ne·

243 2168 424 2211 cessaria
454 2172 563 2222 sunt,
593 2169 809 2212 tolluntur.

380 2225 428 2268 In
456 2226 536 2269 hoc
557 2231 696 2269 autem
728 2239 855 2280 opere
876 2228 984 2271 hanc
1013 2228 1161 2284 agendi
1178 2229 1384 2273 rationem
1416 2241 1465 2273 eo
1482 2228 1615 2283 magis
1631 2225 1753 2282 sequi

244 2284 480 2337 debueram,
499 2295 580 2336 quo
602 2284 764 2327 facilius
785 2285 897 2328 docti
918 2292 1046 2341 atque
1077 2289 1181 2331 artis
1202 2288 1328 2342 periti
1351 2287 1629 2331 relationibus
1658 2296 1753 2340 per·

243 2343 383 2407 pensis
399 2341 647 2395 intelligent.
665 2343 733 2385 hic
755 2343 940 2387 criticam
962 2346 1147 2388 adbiberi
1169 2347 1340 2389 minima
1361 2350 1526 2389 tantum
1555 2355 1752 2387 mensura

242 2403 441 2453 potuisse.
472 2400 696 2454 praecipue
728 2406 922 2455 respectu
952 2408 1144 2446 veterum
1174 2409 1406 2456 auctorum,
1425 2416 1602 2459 quorum
1623 2413 1752 2457 opera

243 2468 338 2499 cum
367 2459 520 2510 plantis
550 2470 626 2511 per
671 2460 782 2512 ipsos
816 2461 1001 2504 collectis
1047 2475 1289 2517 comparare
1329 2476 1411 2506 non
1459 2461 1602 2517 potui;
1636 2471 1754 2515 quas,

242 2522 292 2581 ut
316 2515 386 2581 alii
419 2515 540 2558 facile
570 2517 789 2570 accipiant,
820 2518 886 2561 vix
920 2520 1180 2574 crediderim,
1220 2521 1288 2564 vel
1329 2523 1471 2574 etiam,
1513 2520 1548 2564 si
1579 2529 1752 2572 accepe-

245 2577 342 2625 rint,
374 2586 415 2616 in
447 2585 529 2627 quo
560 2579 674 2617 statu
706 2586 778 2617 eas
808 2578 1016 2630 reperturi
1047 2579 1365 2631 sint,incertum
1397 2583 1475 2623 est.

381 2631 553 2686 Idcirco,
585 2633 655 2676 ubi
688 2632 756 2676 vel
784 2634 999 2699 minimum
1039 2636 1212 2680 dubium
1254 2637 1386 2680 creari
1428 2637 1582 2693 potuit,
1622 2633 1750 2691 (forte

240 2698 316 2745 per
346 2693 529 2734 erratum
569 2691 932 2748 typographicum,
971 2705 1048 2748 per
1078 2694 1224 2740 falsam
1269 2695 1478 2742 scribendi
1507 2694 1714 2741 rationem
1736 2726 1747 2748 ‚
